@techreport{petsc-user-ref,
  title         = {{PETSc/TAO} Users Manual},
  author={Balay, S  and others},
  institution   = {Argonne National Laboratory},
  number        = {ANL-21/39 - Revision 3.22},
  doi           = {10.2172/2205494},
  year          = {2024}
}

@book{saad2003iterative,
author = {Saad, Yousef},
title = {Iterative Methods for Sparse Linear Systems},
publisher = {Society for Industrial and Applied Mathematics},
year = {2003},
doi = {10.1137/1.9780898718003},
address = {},
edition   = {Second},
}